
@article{binik97,
	title={From the couch to the keyboard: Psychotherapy in cyberspace},
	author={Binik, Yitzchak M and Cantor, James and Ochs, Eric and Meana, Mark},
	journal={Culture of the Internet},
	pages={71--100},
	year={1997}
}
@inproceedings{doran2015stay,
	title={Stay Awhile and Listen: User Interactions in a Crowdsourced Platform Offering Emotional Support},
	author={Doran, Derek and Yelne, Samir and Massari, Luisa and Calzarossa, Maria-Carla and Jackson, LaTrelle and Moriarty, Glen},
	booktitle={Proceedings of the 2015 IEEE/ACM International Conference on Advances in Social Networks Analysis and Mining 2015},
	pages={667--674},
	year={2015},
	organization={ACM}
}
@inproceedings{newman2011s,
	title={It's not that i don't have problems, i'm just not putting them on facebook: challenges and opportunities in using online social networks for health},
	author={Newman, Mark W and Lauterbach, Debra and Munson, Sean A and Resnick, Paul and Morris, Margaret E},
	booktitle={Proceedings of the ACM 2011 conference on Computer supported cooperative work},
	pages={341--350},
	year={2011},
	organization={ACM}
}
@article{barak2007emotional,
	title={Emotional support and suicide prevention through the Internet: A field project report},
	author={Barak, Azy},
	journal={Computers in Human Behavior},
	volume={23},
	number={2},
	pages={971--984},
	year={2007},
	publisher={Elsevier}
}
@article{rochlen2004online,
	title={Online therapy: Review of relevant definitions, debates, and current empirical support},
	author={Rochlen, Aaron B and Zack, Jason S and Speyer, Cedric},
	journal={Journal of clinical psychology},
	volume={60},
	number={3},
	pages={269--283},
	year={2004},
	publisher={Wiley Online Library}
}
@inproceedings{hemmati2014associations,
	title={Associations between personal social network properties and mental health in cancer care},
	author={Hemmati, Azadeh and Chung, Kon Shing Kenneth},
	booktitle={Advances in Social Networks Analysis and Mining (ASONAM), 2014 IEEE/ACM International Conference on},
	pages={828--835},
	year={2014},
	organization={IEEE}
}
@article{yuen2012challenges,
	title={Challenges and opportunities in internet-mediated telemental health.},
	author={Yuen, Erica K and Goetter, Elizabeth M and Herbert, James D and Forman, Evan M},
	journal={Professional Psychology: Research and Practice},
	volume={43},
	number={1},
	pages={1},
	year={2012},
	publisher={American Psychological Association}
}
@inproceedings{wang2012stay,
	title={To stay or leave?: the relationship of emotional and informational support to commitment in online health support groups},
	author={Wang, Yi-Chia and Kraut, Robert and Levine, John M},
	booktitle={Proceedings of the ACM 2012 conference on Computer Supported Cooperative Work},
	pages={833--842},
	year={2012},
	organization={ACM}
}
@inproceedings{sievert2014ldavis,
	title={LDAvis: A method for visualizing and interpreting topics},
	author={Sievert, Carson and Shirley, Kenneth E},
	booktitle={Proceedings of the workshop on interactive language learning, visualization, and interfaces},
	pages={63--70},
	year={2014}
}
@inproceedings{chuang2012interpretation,
	title={Interpretation and trust: Designing model-driven visualizations for text analysis},
	author={Chuang, Jason and Ramage, Daniel and Manning, Christopher and Heer, Jeffrey},
	booktitle={Proceedings of the SIGCHI Conference on Human Factors in Computing Systems},
	pages={443--452},
	year={2012},
	organization={ACM}
}
@article{finn2004survey,
	title={A survey of online harassment at a university campus},
	author={Finn, Jerry},
	journal={Journal of Interpersonal violence},
	volume={19},
	number={4},
	pages={468--483},
	year={2004},
	publisher={Sage Publications}
}
@article{hinduja2010bullying,
	title={Bullying, cyberbullying, and suicide},
	author={Hinduja, Sameer and Patchin, Justin W},
	journal={Archives of suicide research},
	volume={14},
	number={3},
	pages={206--221},
	year={2010},
	publisher={Taylor \& Francis}
}
@article{maloney2005multilevel,
	title={A multilevel analysis of sociability, usability, and community dynamics in an online health community},
	author={Maloney-Krichmar, Diane and Preece, Jenny},
	journal={ACM Transactions on Computer-Human Interaction (TOCHI)},
	volume={12},
	number={2},
	pages={201--232},
	year={2005},
	publisher={ACM}
}
@inproceedings{ploderer2013patterns,
	title={Patterns of support in an online community for smoking cessation},
	author={Ploderer, Bernd and Smith, Wally and Howard, Steve and Pearce, Jon and Borland, Ron},
	booktitle={Proceedings of the 6th International Conference on Communities and Technologies},
	pages={26--35},
	year={2013},
	organization={ACM}
}
@inproceedings{calzarossa2016measuring,
	title={Measuring the users and conversations of a vibrant online emotional support system},
	author={Calzarossa, Maria Carla and Massari, Luisa and Doran, Derek and Yelne, Samir and Trivedi, Nripesh and Moriarty, Glen},
	booktitle={Computers and Communication (ISCC), 2016 IEEE Symposium on},
	pages={1193--1199},
	year={2016},
	organization={IEEE}
}
@incollection{hastie2009unsupervised,
	title={Unsupervised learning},
	author={Hastie, Trevor and Tibshirani, Robert and Friedman, Jerome},
	booktitle={The elements of statistical learning},
	pages={485--585},
	year={2009},
	publisher={Springer}
}
@article{hosseinmardi2015detection,
	title={Detection of cyberbullying incidents on the instagram social network},
	author={Hosseinmardi, Homa and Mattson, Sabrina Arredondo and Rafiq, Rahat Ibn and Han, Richard and Lv, Qin and Mishra, Shivakant},
	journal={arXiv preprint arXiv:1503.03909},
	year={2015}
}
@article{blei2003latent,
	title={Latent dirichlet allocation},
	author={Blei, David M and Ng, Andrew Y and Jordan, Michael I},
	journal={Journal of machine Learning research},
	volume={3},
	number={Jan},
	pages={993--1022},
	year={2003}
}
@book{lipsky2008queueing,
	title={Queueing Theory: A linear algebraic approach},
	author={Lipsky, Lester},
	year={2008},
	publisher={Springer Science \& Business Media}
}
@book{newman2010networks,
	title={Networks: an introduction},
	author={Newman, Mark},
	year={2010},
	publisher={Oxford university press}
}
@article{leskovec2005proceedings,
	title={Proceedings of the 11th ACM SIGKDD International Conference on Knowledge Discovery in Data Mining},
	author={Leskovec, J and Kleinberg, J and Faloutsos, C},
	year={2005},
	publisher={ACM}
}
@incollection{kumar2010structure,
	title={Structure and evolution of online social networks},
	author={Kumar, Ravi and Novak, Jasmine and Tomkins, Andrew},
	booktitle={Link mining: models, algorithms, and applications},
	pages={337--357},
	year={2010},
	publisher={Springer}
}
@inproceedings{allamanis2012evolution,
	title={Evolution of a location-based online social network: analysis and models},
	author={Allamanis, Miltiadis and Scellato, Salvatore and Mascolo, Cecilia},
	booktitle={Proceedings of the 2012 ACM conference on Internet measurement conference},
	pages={145--158},
	year={2012},
	organization={ACM}
}
@inproceedings{seshadri2008mobile,
	title={Mobile call graphs: beyond power-law and lognormal distributions},
	author={Seshadri, Mukund and Machiraju, Sridhar and Sridharan, Ashwin and Bolot, Jean and Faloutsos, Christos and Leskove, Jure},
	booktitle={Proceedings of the 14th ACM SIGKDD international conference on Knowledge discovery and data mining},
	pages={596--604},
	year={2008},
	organization={ACM}
}
@article{guillaume2006bipartite,
	title={Bipartite graphs as models of complex networks},
	author={Guillaume, Jean-Loup and Latapy, Matthieu},
	journal={Physica A: Statistical Mechanics and its Applications},
	volume={371},
	number={2},
	pages={795--813},
	year={2006},
	publisher={Elsevier}
}
@article{ahmed2014network,
	title={Network sampling: From static to streaming graphs},
	author={Ahmed, Nesreen K and Neville, Jennifer and Kompella, Ramana},
	journal={ACM Transactions on Knowledge Discovery from Data (TKDD)},
	volume={8},
	number={2},
	pages={7},
	year={2014},
	publisher={ACM}
}
@inproceedings{doran2014triad,
	title={Triad-based role discovery for large social systems},
	author={Doran, Derek},
	booktitle={International Conference on Social Informatics},
	pages={130--143},
	year={2014},
	organization={Springer}
}
@article{clauset2009power,
	title={Power-law distributions in empirical data},
	author={Clauset, Aaron and Shalizi, Cosma Rohilla and Newman, Mark EJ},
	journal={SIAM review},
	volume={51},
	number={4},
	pages={661--703},
	year={2009},
	publisher={SIAM}
}
@article{rombach2014core,
	title={Core-periphery structure in networks},
	author={Rombach, M Puck and Porter, Mason A and Fowler, James H and Mucha, Peter J},
	journal={SIAM Journal on Applied mathematics},
	volume={74},
	number={1},
	pages={167--190},
	year={2014},
	publisher={SIAM}
}
@article{watts1998collective,
	title={Collective dynamics of ‘small-world’networks},
	author={Watts, Duncan J and Strogatz, Steven H},
	journal={nature},
	volume={393},
	number={6684},
	pages={440--442},
	year={1998},
	publisher={Nature Publishing Group}
}
@article{yang2015defining,
	title={Defining and evaluating network communities based on ground-truth},
	author={Yang, Jaewon and Leskovec, Jure},
	journal={Knowledge and Information Systems},
	volume={42},
	number={1},
	pages={181--213},
	year={2015},
	publisher={Springer}
}
@article{leskovec2007graph,
	title={Graph evolution: Densification and shrinking diameters},
	author={Leskovec, Jure and Kleinberg, Jon and Faloutsos, Christos},
	journal={ACM Transactions on Knowledge Discovery from Data (TKDD)},
	volume={1},
	number={1},
	pages={2},
	year={2007},
	publisher={ACM}
}
@article{leskovec2007dynamics,
	title={The dynamics of viral marketing},
	author={Leskovec, Jure and Adamic, Lada A and Huberman, Bernardo A},
	journal={ACM Transactions on the Web (TWEB)},
	volume={1},
	number={1},
	pages={5},
	year={2007},
	publisher={ACM}
}
@inproceedings{niu2011zhishi,
	title={Zhishi. me-weaving chinese linking open data},
	author={Niu, Xing and Sun, Xinruo and Wang, Haofen and Rong, Shu and Qi, Guilin and Yu, Yong},
	booktitle={International Semantic Web Conference},
	pages={205--220},
	year={2011},
	organization={Springer}
}
@article{zhang2013facebook,
	title={Facebook as a platform for health information and communication: a case study of a diabetes group},
	author={Zhang, Yan and He, Dan and Sang, Yoonmo},
	journal={Journal of medical systems},
	volume={37},
	number={3},
	pages={1--12},
	year={2013},
	publisher={Springer}
}
@inproceedings{han2015weibo,
	title={Weibo, and a tale of two worlds},
	author={Han, Wentao and Zhu, Xiaowei and Zhu, Ziyan and Chen, Wenguang and Zheng, Weimin and Lu, Jianguo},
	booktitle={Proceedings of the 2015 IEEE/ACM International Conference on Advances in Social Networks Analysis and Mining 2015},
	pages={121--128},
	year={2015},
	organization={ACM}
}
@inproceedings{mislove2007measurement,
	title={Measurement and analysis of online social networks},
	author={Mislove, Alan and Marcon, Massimiliano and Gummadi, Krishna P and Druschel, Peter and Bhattacharjee, Bobby},
	booktitle={Proceedings of the 7th ACM SIGCOMM conference on Internet measurement},
	pages={29--42},
	year={2007},
	organization={ACM}
}
@inproceedings{saha2015demonstrating,
	title={Demonstrating social support from Autism bloggers community on Twitter},
	author={Saha, Amit and Agarwal, Nitin},
	booktitle={2015 IEEE/ACM International Conference on Advances in Social Networks Analysis and Mining (ASONAM)},
	pages={1053--1056},
	year={2015},
	organization={IEEE}
}
@inproceedings{sadovykh2015decision,
	title={Decision making and support in healthcare online social networks},
	author={Sadovykh, Valeri and Sundaram, David},
	booktitle={2015 IEEE/ACM International Conference on Advances in Social Networks Analysis and Mining (ASONAM)},
	pages={1048--1052},
	year={2015},
	organization={IEEE}
}
